<?xml version="1.0" encoding="UTF-8"?><collection xmlns="http://www.loc.gov/MARC21/slim"><record><leader>00417nam--2200133-i-4500</leader><controlfield tag="001">000047163</controlfield><controlfield tag="002">20161230</controlfield><controlfield tag="005">20161230201046</controlfield><controlfield tag="008">060222s1000------------r-----000-0-eng-d</controlfield><datafield ind1=" " ind2=" " tag="080"><subfield code="a">621.039.56</subfield></datafield><datafield ind1=" " ind2=" " tag="100"><subfield code="a">Weill, J</subfield></datafield><datafield ind1=" " ind2=" " tag="245"><subfield code="a">Controle des reacteurs en france. methodes et instrumentations actuellels. detection de rupture de gaine</subfield></datafield><datafield ind1=" " ind2=" " tag="260"><subfield code="a">Saclay, Centre D`Etudes Nucleaires, 1967, 75p.+/Fig.Dif.</subfield></datafield><datafield ind1=" " ind2=" " tag="852"><subfield code="a">25983</subfield></datafield></record></collection>